@online{Neuronio,
    author = "Vanessa Sardinha dos Santos",
    title = "Neurônio",
    url  = "https://mundoeducacao.uol.com.br/",
    addendum = "(accessed: 11.09.2021)",
    keywords = "Neuronio"
}


@inproceedings{silver2014deterministic,
  title={Titulo escrever},
  author={Nome do author},
  url={Nome do livro},
  pages={387--395},
  year={2014},
  organization={organizacao}
}

@inproceedings{sarti2021neat,
  title={A NEAT Visualisation of Neuroevolution Trajectories.},
  author={Sarti, Stefano and Ochoa, Gabriela},
  booktitle={EvoApplications},
  pages={714--728},
  year={2021}
}

@online{neat-inicial,
    author = "Kenneth O. Stanley and Risto Miikkulainen",
    title = "Efficient Evolution of Neural Network Topologies",
    url  = "http://nn.cs.utexas.edu/downloads/papers/stanley.cec02.pdf",
    addendum = "(accessed: 17.09.2021)",
    keywords = "Neat-Python"
}

@online{neat-python,
    author = "Neat-Python",
    title = "Visão geral do NEAT",
    url  = "https://neat-python.readthedocs.io/en/latest/neat_overview.html",
    addendum = "(accessed: 17.09.2021)",
    keywords = "Neat-Python"
}

@online{pygame_info_wikipedia,
    author = "Pygame Community",
    title = "Visão geral do NEAT",
    url  = "https://pt.wikipedia.org/wiki/Pygame",
    addendum = "(accessed: 11.09.2021)",
    keywords = "Pygame"
}


@online{python_info_wikipedia,
    author = "Pygame Community",
    title = "Visão geral do NEAT",
    url  = "https://pt.wikipedia.org/wiki/Python",
    addendum = "(accessed: 11.09.2021)",
    keywords = "Python"
}


@online{uff,
    author = "Julia Gadelha",
    title = "A EVOLUÇÃO DOS COMPUTADORES",
    url  = "www.ic.uff.br",
    addendum = "(accessed: 11.09.2021)",
    keywords = "A EVOLUÇÃO DOS COMPUTADORES"
}


@online{arquiteturaRN,
    author = "Sérgio Eduardo Palmiere",
    title = "Arquiteturas e Topologias de Redes Neurais Artificiais",
    url  = "www.embarcados.com.br",
    addendum = "(accessed: 11.09.2021)",
    keywords = "Topologias de Redes Neurais"
}



@online{Neuroevolution,
    author = "Stanley, Kenneth (2017-07-13) ",
    title = "Neuroevolution",
    url  = "https://www.oreilly.com/radar/neuroevolution-a-different-kind-of-deep-learning/",
    addendum = "(accessed: 25.11.2021)",
    keywords = "Neuroevolution"
}


@online{tiobe,
    author = "Tiobe",
    title = "Indice TIOBE",
    url  = "https://www.tiobe.com/tiobe-index/",
    addendum = "(accessed: 25.11.2021)",
    keywords = "tiobe_python"
}
@online{FAPAM,
    author = "FAPAM",
    title = "FAPAM",
    url  = "",
    addendum = "(accessed: 25.11.2021)",
    keywords = "tiobe_python"
}


 @book{GIL,
    title = {Métodos e Técnicas de Pesquisa Social},
    author ={Antônio Carlos Gil},
    isbn = {B07PLMB6NC},
    series = {metodologia científica},
    year = {2017},
    publisher = {Atlas; 7ª edição},
    keywords = {metodologia}
}

 @book{LEHFELD,
    title = {Fundamentos de metodologia científica},
    author ={Aidil Jesus da Silveira Barros e Neide Aparecida de Souza Lehfeld},
    isbn = {B00KDOM1KK},
    series = {Fundamentos de metodologia científica},
    year = {2012},
    publisher = {Pearson; 3ª edição},
    keywords = {metodologia}
}


@online{CriadorJogo,
    author = "sentralgamer, ",
    title = "Flappy Bird [iOS]",
    url  = "http://www.sentralgamer.com/flappy-bird-ios/",
    addendum = "(accessed: 02.12.2021)",
    keywords = "FlappyBird"
}

 @book{neuroevolucao,
    title = {Handbook of Neuroevolution Through Erlang},
    author ={Gene I. Sher},
    isbn = {978-1461444626},
    series = {Neuroevolução},
    year = {2012},
    publisher = {Springer; 2013ª edição},
    keywords = {neuroevolucao}
}



@online{area_engenaria,
    author = "tecmundo, ",
    title = "5 tecnologias inspiradas pela natureza",
    url  = "https://www.tecmundo.com.br",
    addendum = "(accessed: 02.12.2021)",
    keywords = "Area_inpiracão"
}

@online{Alan_Kay,
    author = "wikipedia, ",
    title = "Alan Kay",
    url  = "pt.wikipedia.org",
    addendum = "(accessed: 02.12.2021)",
    keywords = "Alan_Kay"
}

@online{rna,
    author = "wikipedia, ",
    title = "Geoffrey Hinton",
    url  = "pt.wikipedia.org",
    addendum = "(accessed: 03.12.2021)",
    keywords = "Alan_Kay"
}

@article{Neural_Network_V6,
    author = "Leshno, Moshe; Lin, Vladimir Ya .; Pinkus, Allan; Schocken, Shimon",
    title = "Neural Networks",
    journal = "sciencedirect",
    volume = "6",
    number = "1993",
    pages = "861--867",
    year = "1993",
    DOI = "https://www.sciencedirect.com/science/article/abs/pii/S0893608005801315?via%3Dihub",
    keywords = "RNA"
}

@article{MCCULLOCH,
    author = "MCCULLOCH, W. S.; PITTS, W. A",
    title = "logical calculus of the ideas immanent in nervous activity",
    journal = "sciencedirect",
    volume = "",
    number = "1991",
    pages = "99–115",
    year = "1988",
    DOI = "https://www.cs.cmu.edu/~./epxing/Class/10715/reading/McCulloch.and.Pitts.pdf",
    keywords = "RNA"
}





% trabalhos relacionados


@online{Cheesy,
    author = "Cheesy AI, ",
    title = "Simple AI Tutorial with NEAT-python",
    url  = "https://youtu.be/2o-jMhXmmxA",
    addendum = "(accessed: 03.12.2021)",
    keywords = "youtube"
}

@online{CodeBucket,
    author = "Code Bucket",
    title = "Simple AI Tutorial with NEAT-python",
    url  = "https://youtu.be/aAkO8Pketkg",
    addendum = "(accessed: 03.12.2021)",
    keywords = "youtube"
}
@online{mygit,
    author = "Moises Souza",
    title = "Flappy Bird IA",
    url  = "https://github.com/NylRJ/FlappyBird_IA_AT",
    addendum = "(accessed: 03.12.2021)",
    keywords = "git"
}

@online{GamePlaying,
    author = "Diego Perez-Liebana, Muhammad Sajid Alam, Raluca D. Gaina",
    title = "Rolling Horizon NEAT
for General Video Game Playing",
    url  = "https://arxiv.org/pdf/2005.06764.pdf",
    addendum = "(accessed: 03.12.2021)",
    keywords = "youtube"
}

